@misc{thisclass,
 author = {Mohri, Mehryar},
 title = {Foundations of {Machine} {Learning}},
 year = {Fall 2016}
};

@article{spheres,
 author = {R. M. Dudley},
 title = {{Balls} in $\mathbb{{R}}^k$ {Do Not Cut All Subsets} of $k + 2$ {Points}},
 journal={Advances in Mathematics},
 volume={31},
 issue={3},
 pages={306--308},
 year = {1979}
};

@article{rectangles-ngons,
 author = {Anselm Blumer and Andrej Ehrenfeucht and David Haussler and Manfred K. Warmuth},
 title = {{Learnability} and the {Vapnik}-{Chervonenkis} {Dimension}},
 journal={Journal of the ACM},
 volume={36},
 issue={4},
 pages={929--965},
 year = {1989}
};

@misc{ellipsoids,
 author = {Yohji Akama, Kei Irie},
 title = {{V}{C} dimension of ellipsoids},
 eprinttype  = {arxiv},
 eprint  = {abs/1109.4347},
 year = {2011}
};