@misc{thisclass,
 author = {Mohri, Mehryar},
 title = {Foundations of Machine Learning},
 year = {2016}
} 